@book{
Knuth1986,
author = "Donald Ervin Knuth",
title = "The TeXbook (original)",
publisher = "Addison-Wesley Professional",
year = "1986"
}
@book{
KnuthA,
author = "Donald Ervin Knuth",
title = "The TeXbook A",
publisher = "Addison-Wesley Professional",
year = "1986"
}
@book{
KnuthB,
author = "Donald Ervin Knuth",
title = "The TeXbook B",
publisher = "Addison-Wesley Professional",
year = "1986"
}
@book{
KnuthC,
author = "Donald Ervin Knuth",
title = "The TeXbook C",
publisher = "Addison-Wesley Professional",
year = "1986"
}
@book{
KnuthD,
author = "Donald Ervin Knuth",
title = "The TeXbook D",
publisher = "Addison-Wesley Professional",
year = "1986"
}
@book{
KnuthE,
author = "Donald Ervin Knuth",
title = "The TeXbook E",
publisher = "Addison-Wesley Professional",
year = "1986"
}
@book{
KnuthF,
author = "Donald Ervin Knuth",
title = "The TeXbook F",
publisher = "Addison-Wesley Professional",
year = "1986"
}

@INPROCEEDINGS{Huet,
  author={G. {Huet} and J. {Hullot}},
  booktitle={21st Annual Symposium on Foundations of Computer Science (sfcs 1980)}, 
  title={Proofs by induction in equational theories with constructors}, 
  year={1980},
  volume={},
  number={},
  pages={96-107},
  doi={10.1109/SFCS.1980.37}}
